<?xml version="1.0" encoding="UTF-8"?>
<record xmlns="http://www.loc.gov/MARC21/slim" xmlns:xsi="http://www.w3.org/2001/XMLSchema-instance" xsi:schemaLocation="http://www.loc.gov/MARC21/slim http://www.loc.gov/standards/marcxml/schema/MARC21slim.xsd">
<leader>00000cam a22      a 4500</leader>
<controlfield tag="001">002023867</controlfield>
<controlfield tag="003">NNU</controlfield>
<controlfield tag="005">20160302172540.0</controlfield>
<controlfield tag="008">740122t19661963le h     b    001 0 eng d</controlfield>
<datafield tag="010" ind1=" " ind2=" ">
<subfield code="a">   82213680</subfield>
</datafield>
<datafield tag="035" ind1=" " ind2=" ">
<subfield code="a">(OCoLC)780076</subfield>
<subfield code="z">(OCoLC)17076790</subfield>
<subfield code="z">(OCoLC)28431201</subfield>
<subfield code="z">(OCoLC)84511226</subfield>
</datafield>
<datafield tag="040" ind1=" " ind2=" ">
<subfield code="a">DRB</subfield>
<subfield code="b">eng</subfield>
<subfield code="c">DRB</subfield>
<subfield code="d">RBN</subfield>
<subfield code="d">DLC</subfield>
<subfield code="d">IUL</subfield>
<subfield code="d">OCLCG</subfield>
<subfield code="d">OCLCQ</subfield>
<subfield code="d">OCLCF</subfield>
<subfield code="d">OCLCQ</subfield>
<subfield code="d">OCLCO</subfield>
</datafield>
<datafield tag="041" ind1="1" ind2=" ">
<subfield code="a">engara</subfield>
<subfield code="h">ara</subfield>
</datafield>
<datafield tag="050" ind1=" " ind2="4">
<subfield code="a">BP195.I8</subfield>
<subfield code="b">A28 1966</subfield>
</datafield>
<datafield tag="100" ind1="1" ind2=" ">
<subfield code="6">880-01</subfield>
<subfield code="a">Maynaqī, Shihāb al-Dīn ibn Naṣr,</subfield>
<subfield code="d">1468-1540.</subfield>
</datafield>
<datafield tag="245" ind1="1" ind2="0">
<subfield code="a">Ash-Shâfiya :</subfield>
<subfield code="b">the healer : an Ismâ'îlî poem attributed to Shihâb Ad-dîn Abû Firâs /</subfield>
<subfield code="c">edited and translated with introduction and commentary by Sami Nassib Makarem.</subfield>
</datafield>
<datafield tag="246" ind1="1" ind2="4">
<subfield code="a">Ash-Shafiya an Isma'ili treatise</subfield>
</datafield>
<datafield tag="246" ind1="1" ind2="5">
<subfield code="6">880-02</subfield>
<subfield code="a">Shāfīyah :</subfield>
<subfield code="b">urjūzah Ismāʻīlīyah mansūbah ilá Shihāb al-Dīn Abī Firās</subfield>
</datafield>
<datafield tag="246" ind1="3" ind2="0">
<subfield code="a">Shâfiya</subfield>
</datafield>
<datafield tag="246" ind1="3" ind2="0">
<subfield code="a">Healer</subfield>
</datafield>
<datafield tag="246" ind1="3" ind2="0">
<subfield code="6">880-03</subfield>
<subfield code="a">Urjūzah Ismāʻīlīyah mansūbah ilá Shiāb al-Dīn Abī Firās</subfield>
</datafield>
<datafield tag="260" ind1=" " ind2=" ">
<subfield code="a">Beirut :</subfield>
<subfield code="b">American University of Beirut,</subfield>
<subfield code="c">1966, ©1963.</subfield>
</datafield>
<datafield tag="300" ind1=" " ind2=" ">
<subfield code="a">260 pages :</subfield>
<subfield code="b">facsimiles ;</subfield>
<subfield code="c">24 cm.</subfield>
</datafield>
<datafield tag="336" ind1=" " ind2=" ">
<subfield code="a">text</subfield>
<subfield code="b">txt</subfield>
<subfield code="2">rdacontent</subfield>
</datafield>
<datafield tag="337" ind1=" " ind2=" ">
<subfield code="a">unmediated</subfield>
<subfield code="b">n</subfield>
<subfield code="2">rdamedia</subfield>
</datafield>
<datafield tag="338" ind1=" " ind2=" ">
<subfield code="a">volume</subfield>
<subfield code="b">nc</subfield>
<subfield code="2">rdacarrier</subfield>
</datafield>
<datafield tag="490" ind1="1" ind2=" ">
<subfield code="a">American University of Beirut publication of the Faculty of the Arts and Sciences. Oriental series ;</subfield>
<subfield code="v">no. 48</subfield>
</datafield>
<datafield tag="546" ind1=" " ind2=" ">
<subfield code="a">Arabic text and English translation on opposite pages.</subfield>
</datafield>
<datafield tag="500" ind1=" " ind2=" ">
<subfield code="a">Added t.p. in Arabic.</subfield>
</datafield>
<datafield tag="500" ind1=" " ind2=" ">
<subfield code="a">Errata slip inserted.</subfield>
</datafield>
<datafield tag="504" ind1=" " ind2=" ">
<subfield code="a">Includes bibliographical references and index.</subfield>
</datafield>
<datafield tag="650" ind1=" " ind2="0">
<subfield code="a">Ismailites.</subfield>
</datafield>
<datafield tag="650" ind1=" " ind2="0">
<subfield code="a">Islamic philosophy.</subfield>
</datafield>
<datafield tag="650" ind1=" " ind2="7">
<subfield code="a">Islamic philosophy.</subfield>
<subfield code="2">fast</subfield>
<subfield code="0">(OCoLC)fst01730358</subfield>
</datafield>
<datafield tag="650" ind1=" " ind2="7">
<subfield code="a">Ismailites.</subfield>
<subfield code="2">fast</subfield>
<subfield code="0">(OCoLC)fst00980134</subfield>
</datafield>
<datafield tag="700" ind1="1" ind2=" ">
<subfield code="6">880-04</subfield>
<subfield code="a">Makārim, Sāmī Nasīb.</subfield>
</datafield>
<datafield tag="776" ind1="0" ind2="8">
<subfield code="i">Online version:</subfield>
<subfield code="a">Maynaqī, Shihāb al-Dīn ibn Naṣr, 1468-1540.</subfield>
<subfield code="t">Ash-Shâfiya.</subfield>
<subfield code="d">Beirut : American University of Beirut, 1966, ©1963</subfield>
<subfield code="w">(OCoLC)609407706</subfield>
</datafield>
<datafield tag="880" ind1="1" ind2=" ">
<subfield code="6">100-01/</subfield>
<subfield code="a">مينقي، شهاب الدين بن نصر،</subfield>
<subfield code="d">1468-1540.</subfield>
</datafield>
<datafield tag="880" ind1="1" ind2="5">
<subfield code="6">246-02/</subfield>
<subfield code="a">شافية :</subfield>
<subfield code="b">ارجوزة اسماعيلية منسوبة الى شهاب الدين ابي فراس</subfield>
</datafield>
<datafield tag="880" ind1="3" ind2="0">
<subfield code="6">246-03/</subfield>
<subfield code="a">ارجوزة اسماعيلية منسوبة الى شهاب الدين ابي فراس</subfield>
</datafield>
<datafield tag="880" ind1="1" ind2=" ">
<subfield code="6">700-04/</subfield>
<subfield code="a">مكارم، سامي نسيب.</subfield>
</datafield>
<datafield tag="830" ind1=" " ind2="0">
<subfield code="a">Publication of the Faculty of Arts and Sciences.</subfield>
<subfield code="p">Oriental series ;</subfield>
<subfield code="v">no. 48.</subfield>
</datafield>
<datafield tag="OWN" ind1=" " ind2=" ">
<subfield code="a">GENERAL</subfield>
</datafield>
<datafield tag="AVA" ind1=" " ind2=" ">
<subfield code="a">NYU50</subfield>
<subfield code="b">BOBST</subfield>
<subfield code="c">Main Collection</subfield>
<subfield code="d">PJ25 .A6 no.48</subfield>
<subfield code="e">unavailable</subfield>
<subfield code="t">Unavailable</subfield>
<subfield code="f">1</subfield>
<subfield code="g">1</subfield>
<subfield code="h">N</subfield>
<subfield code="i">0</subfield>
<subfield code="j">MAIN</subfield>
<subfield code="k">0</subfield>
</datafield>
</record>
